<?xml version="1.0" encoding="UTF-8"?><record xmlns="http://www.loc.gov/MARC21/slim" xmlns:cinclude="http://apache.org/cocoon/include/1.0" xmlns:zs="http://www.loc.gov/zing/srw/">
  <leader>00750nz  a2200169n  4500</leader>
  <controlfield tag="001">no2014069889</controlfield>
  <controlfield tag="003">DLC</controlfield>
  <controlfield tag="005">20140521073548.0</controlfield>
  <controlfield tag="008">140520n| azannaabn          |b ana     c</controlfield>
  <datafield tag="010" ind1=" " ind2=" ">
    <subfield code="a">no2014069889</subfield>
  </datafield>
  <datafield tag="035" ind1=" " ind2=" ">
    <subfield code="a">(OCoLC)oca09861374</subfield>
  </datafield>
  <datafield tag="040" ind1=" " ind2=" ">
    <subfield code="a">InU</subfield>
    <subfield code="b">eng</subfield>
    <subfield code="e">rda</subfield>
    <subfield code="c">InU</subfield>
  </datafield>
  <datafield tag="110" ind1="2" ind2=" ">
    <subfield code="a">"Uyghur khălq eghiz ădăbiyati qamusi" tahrir hăiiti</subfield>
  </datafield>
  <datafield tag="410" ind1="2" ind2=" ">
    <subfield code="a">"维吾尔民间文学大典" 编委会</subfield>
  </datafield>
  <datafield tag="410" ind1="2" ind2=" ">
    <subfield code="a">"Weiwu'er min jian wen xue da dian" bian wei hui</subfield>
  </datafield>
  <datafield tag="667" ind1=" " ind2=" ">
    <subfield code="a">Non-Latin script reference not evaluated.</subfield>
  </datafield>
  <datafield tag="670" ind1=" " ind2=" ">
    <subfield code="a">Uyghur khălq ăpsană-rivayătliri, 2006:</subfield>
    <subfield code="b">title page ("Uyghur khălq eghiz ădăbiyati qamusi" tahrir hăiiti) title page verso ("维吾尔民间文学大典" 编委会 = "Weiwu'er min jian wen xue da dian" bian wei hui)</subfield>
  </datafield>
</record>